@inproceedings{balcan2008discriminative,
  title={A discriminative framework for clustering via similarity functions},
  author={Balcan, Maria-Florina and Blum, Avrim and Vempala, Santosh},
  booktitle={Proceedings of the fortieth annual ACM symposium on Theory of computing},
  pages={671--680},
  year={2008},
  organization={ACM}
}

@inproceedings{ben2014clustering,
  title={Clustering in the Presence of Background Noise},
  author={Ben-David, Shai and Haghtalab, Nika},
  booktitle={Proceedings of the 31st International Conference on Machine Learning (ICML-14)},
  pages={280--288},
  year={2014}
}

@article{awasthi2012center,
  title={Center-based clustering under perturbation stability},
  author={Awasthi, Pranjal and Blum, Avrim and Sheffet, Or},
  journal={Information Processing Letters},
  volume={112},
  number={1},
  pages={49--54},
  year={2012},
  publisher={Elsevier}
}

@incollection{balcan2012clustering,
  title={Clustering under perturbation resilience},
  author={Balcan, Maria Florina and Liang, Yingyu},
  booktitle={Automata, Languages, and Programming},
  pages={63--74},
  year={2012},
  publisher={Springer}
}

@article{bilu2012stable,
  title={Are stable instances easy?},
  author={Bilu, Yonatan and Linial, Nathan},
  journal={Combinatorics, Probability and Computing},
  volume={21},
  number={05},
  pages={643--660},
  year={2012},
  publisher={Cambridge Univ Press}
}

@article{ben2015computational,
  title={Computational Feasibility of Clustering under Clusterability Assumptions},
  author={Ben-David, Shai},
  journal={arXiv preprint arXiv:1501.00437},
  year={2015}
}

@inproceedings{ackerman2009clusterability,
  title={Clusterability: A theoretical study},
  author={Ackerman, Margareta and Ben-David, Shai},
  booktitle={International Conference on Artificial Intelligence and Statistics},
  pages={1--8},
  year={2009}
}

@article{daniely2012clustering,
  title={Clustering is difficult only when it does not matter},
  author={Daniely, Amit and Linial, Nati and Saks, Michael},
  journal={arXiv preprint arXiv:1205.4891},
  year={2012}
}

@inproceedings{narasimhan2005q,
  title={Q-clustering},
  author={Narasimhan, Mukund and Jojic, Nebojsa and Bilmes, Jeff A},
  booktitle={Advances in Neural Information Processing Systems},
  pages={979--986},
  year={2005}
}

