@article{balcan2012distributed,
  title={Distributed learning, communication complexity and privacy},
  author={Balcan, Maria-Florina and Blum, Avrim and Fine, Shai and Mansour, Yishay},
  journal={arXiv preprint arXiv:1204.3514},
  year={2012}
}

@article{cuesta1997trimmed,
  title={Trimmed $ k $-means: An attempt to robustify quantizers},
  author={Cuesta-Albertos, JA and Gordaliza, Alfonso and Matr{\'a}n, Carlos and others},
  journal={The Annals of Statistics},
  volume={25},
  number={2},
  pages={553--576},
  year={1997},
  publisher={Institute of Mathematical Statistics}
}

@article{ben2014data,
  title={Data stability in clustering: A closer look},
  author={Ben-David, Shalev and Reyzin, Lev},
  journal={Theoretical Computer Science},
  volume={558},
  pages={51--61},
  year={2014},
  publisher={Elsevier}
}


@inproceedings{dave1993robust,
  title={Robust fuzzy clustering algorithms},
  author={Dave, Rajesh N},
  booktitle={Fuzzy Systems, 1993., Second IEEE International Conference on},
  pages={1281--1286},
  year={1993},
  organization={IEEE}
}

@article{garcia2008general,
  title={A general trimming approach to robust cluster analysis},
  author={Garc{\'\i}a-Escudero, Luis A and Gordaliza, Alfonso and Matr{\'a}n, Carlos and Mayo-Iscar, Agustin},
  journal={The Annals of Statistics},
  pages={1324--1345},
  year={2008},
  publisher={JSTOR}
}

@article{ashtiani2015representation,
  title={Representation Learning for Clustering: A Statistical Framework},
  author={Ashtiani, Hassan and Ben-David, Shai},
  journal={arXiv preprint arXiv:1506.05900},
  year={2015}
}


@inproceedings{reyzin2012data,
  title={Data stability in clustering: A closer look},
  author={Reyzin, Lev},
  booktitle={Algorithmic Learning Theory},
  pages={184--198},
  year={2012},
  organization={Springer}
}

@inproceedings{balcan2008discriminative,
  title={A discriminative framework for clustering via similarity functions},
  author={Balcan, Maria-Florina and Blum, Avrim and Vempala, Santosh},
  booktitle={Proceedings of the fortieth annual ACM symposium on Theory of computing},
  pages={671--680},
  year={2008},
  organization={ACM}
}

@inproceedings{ben2014clustering,
  title={Clustering in the Presence of Background Noise},
  author={Ben-David, Shai and Haghtalab, Nika},
  booktitle={Proceedings of the 31st International Conference on Machine Learning (ICML-14)},
  pages={280--288},
  year={2014}
}

@incollection{balcan2012clustering,
  title={Clustering under perturbation resilience},
  author={Balcan, Maria Florina and Liang, Yingyu},
  booktitle={Automata, Languages, and Programming},
  pages={63--74},
  year={2012},
  publisher={Springer}
}

@article{bilu2012stable,
  title={Are stable instances easy?},
  author={Bilu, Yonatan and Linial, Nathan},
  journal={Combinatorics, Probability and Computing},
  volume={21},
  number={05},
  pages={643--660},
  year={2012},
  publisher={Cambridge Univ Press}
}

@article{ben2015computational,
  title={Computational Feasibility of Clustering under Clusterability Assumptions},
  author={Ben-David, Shai},
  journal={arXiv preprint arXiv:1501.00437},
  year={2015}
}

@inproceedings{ackerman2009clusterability,
  title={Clusterability: A theoretical study},
  author={Ackerman, Margareta and Ben-David, Shai},
  booktitle={International Conference on Artificial Intelligence and Statistics},
  pages={1--8},
  year={2009}
}

@article{daniely2012clustering,
  title={Clustering is difficult only when it does not matter},
  author={Daniely, Amit and Linial, Nati and Saks, Michael},
  journal={arXiv preprint arXiv:1205.4891},
  year={2012}
}

@inproceedings{narasimhan2005q,
  title={Q-clustering},
  author={Narasimhan, Mukund and Jojic, Nebojsa and Bilmes, Jeff A},
  booktitle={Advances in Neural Information Processing Systems},
  pages={979--986},
  year={2005}
}

@article{awasthi2012center,
  title={Center-based clustering under perturbation stability},
  author={Awasthi, Pranjal and Blum, Avrim and Sheffet, Or},
  journal={Information Processing Letters},
  volume={112},
  number={1},
  pages={49--54},
  year={2012},
  publisher={Elsevier}
}

@incollection{vapnik2015uniform,
  title={On the uniform convergence of relative frequencies of events to their probabilities},
  author={Vapnik, Vladimir N and Chervonenkis, A Ya},
  booktitle={Measures of Complexity},
  pages={11--30},
  year={2015},
  publisher={Springer}
}

